
@misc{Authors14,
 author = {Buolamwini, J. and Gebru, T},
 title = {Gender shades: Intersectional accuracy disparities in commercial gender classification},
 note = {In \textit{Conference on Fairness, Accountability and Transparency}, pages 77â€“91},
 year = 2018
}

@misc{Authors14b,
 author = {G. Levi and T. Hassner},
 title = {Age and gender classification using convolutional neural networks},
 note = {In \textit{IEEE Conf. on Computer Vision and Pattern Recognition (CVPR) workshops}},
 year = 2015
}

@misc{Authors14c,
	author = {Bainbridge, W. and Isola, P. and Oliva, A.},
	title = {The Intrinsic Memorability of Face Photographs},
	note = {In \textit{Journal of Experimental Psychology: General}, pages 1323 - 1334},
	year = 2013
}
@misc{Authors14d,
	author = {Zhang, Z. and Song, Y. and Qi, H.},
	title = {The Intrinsic Memorability of Face Photographs},
	note = {In \textit{IEEE Conference on Computer Vision and Pattern Recognition (CVPR)}},
	year = 2017
}